@book{handsOnML,
	Address = {Rio de Janeiro},
	Author = {Aurélien Géron},
	Date-Added = {2013-08-21 13:56:10 +0000},
	Date-Modified = {2013-08-21 13:56:10 +0000},
	Edition = {1},
	Publisher = {Alta Books Editora},
	Title = {Mãos à obra: Aprendizagem de máquina com Sckit-Learn e Tensorflow },
	Urlaccessdate = {21 ago 2013},
	Year = {2019}}

@incollection{dropout,
	author = {Cory Maklin},
	title= {Dropout Neural Network Layer In Keras Explained},
	url = {https://towardsdatascience.com/machine-learning-part-20-dropout-keras-layers-explained-8c9f6dc4c9ab},
	year = {2019},
	Urlaccessdate = {08 nov 2019}
}

@incollection{imagenet,
	author = {Imagenet},
	title = {Imagenet },
	url = {http://www.image-net.org/about-overview},
	year = {2019},
	Urlaccessdate={16 feb 2019}
}


@misc{t-SNE,
	Author = {Laurens van der Maaten},
	Date-Added = {2013-03-23 21:39:21 +0000},
	Date-Modified = {2015-04-27 22:43:06 +0000},
	Howpublished = {lvdmaaten},
	Keywords = {naive-bayes-britto},
	Title = {Aprendizagem Bayesiana},
	Url = {https://lvdmaaten.github.io/tsne/},
	Urlaccessdate = {25 set 2019},
	Year = {2019},
	Bdsk-Url-1 = {https://lvdmaaten.github.io/tsne/}}

@misc{naive-bayes-britto,
	Author = {Alceu Britto},
	Date-Added = {2013-03-23 21:39:21 +0000},
	Date-Modified = {2015-04-27 22:43:06 +0000},
	Howpublished = {ppgia},
	Keywords = {naive-bayes-britto},
	Title = {Aprendizagem Bayesiana},
	Url = {http://www.ppgia.pucpr.br/~alceu/am/4%20-%20Naive%20Bayes%20and%20Bayesian%20Networks/NaiveBayes.pdf},
	Urlaccessdate = {25 set 2019},
	Year = {2019},
	Bdsk-Url-1 = {http://www.ppgia.pucpr.br/~alceu/am/4%20-%20Naive%20Bayes%20and%20Bayesian%20Networks/NaiveBayes.pdf}}
